% Bibliography of key references for "LaTeX for Thesis and Large Documents"
% For use with BibTeX

@book{lewis2010handbook,
  title={Handbook of emotions},
  author={Lewis, Michael and Haviland-Jones, Jeannette M and Barrett, Lisa Feldman},
  year={2010},
  publisher={Guilford Press}
}

@book{robinson2006affect,
  title={Affect control theory},
  author={Robinson, Dawn T and Smith-Lovin, Lynn and Wisecup, Allison K},
  year={2006},
  publisher={Springer}
}

@article{scherer2005emotions,
  title={What are emotions? And how can they be measured?},
  author={Scherer, Klaus R},
  journal={Social science information},
  volume={44},
  number={4},
  pages={695--729},
  year={2005},
  publisher={Sage Publications}
}

@article{ellsworth2003appraisal,
  title={Appraisal processes in emotion},
  author={Ellsworth, Phoebe C and Scherer, Klaus R},
  journal={Handbook of affective sciences},
  volume={572},
  pages={V595},
  year={2003}
}

@article{breiman1996bagging,
  title={Bagging predictors},
  author={Breiman, Leo},
  journal={Machine learning},
  volume={24},
  number={2},
  pages={123--140},
  year={1996},
  publisher={Springer}
}

@article{friedman2002stochastic,
  title={Stochastic gradient boosting},
  author={Friedman, Jerome H},
  journal={Computational Statistics \& Data Analysis},
  volume={38},
  number={4},
  pages={367--378},
  year={2002},
  publisher={Elsevier}
}

@article{hastie2005elements,
  title={The elements of statistical learning: data mining, inference and prediction},
  author={Hastie, Trevor and Tibshirani, Robert and Friedman, Jerome and Franklin, James},
  journal={The Mathematical Intelligencer},
  volume={27},
  number={2},
  pages={83--85},
  year={2005},
  publisher={Springer}
}

@inproceedings{hoey2006tracking,
  title={Tracking using Flocks of Features, with Application to Assisted Handwashing.},
  author={Hoey, Jesse and von Bertoldi, A and Poupart, P and Mihailidis, A},
  booktitle={BMVC},
  pages={367--376},
  year={2006}
}

@inproceedings{boger2005decision,
  title={A decision-theoretic approach to task assistance for persons with dementia},
  author={Boger, Jennifer and Poupart, Pascal and Hoey, Jesse and Boutilier, Craig and Fernie, Geoff and Mihailidis, Alex},
  booktitle={IJCAI},
  pages={1293--1299},
  year={2005},
  organization={Citeseer}
}

@article{mihailidis2004use,
  title={The use of computer vision in an intelligent environment to support aging-in-place, safety, and independence in the home},
  author={Mihailidis, Alex and Carmichael, Brent and Boger, Jennifer},
  journal={Information Technology in Biomedicine, IEEE Transactions on},
  volume={8},
  number={3},
  pages={238--247},
  year={2004},
  publisher={IEEE}
}

@inproceedings{isard1998mixed,
  title={A mixed-state condensation tracker with automatic model-switching},
  author={Isard, Michael and Blake, Andrew},
  booktitle={Computer Vision, 1998. Sixth International Conference on},
  pages={107--112},
  year={1998},
  organization={IEEE}
}

@incollection{okuma2004boosted,
  title={A boosted particle filter: Multitarget detection and tracking},
  author={Okuma, Kenji and Taleghani, Ali and De Freitas, Nando and Little, James J and Lowe, David G},
  booktitle={Computer Vision-ECCV 2004},
  pages={28--39},
  year={2004},
  publisher={Springer}
}

@article{pollack2005intelligent,
  title={Intelligent technology for an aging population: The use of AI to assist elders with cognitive impairment},
  author={Pollack, Martha E},
  journal={AI magazine},
  volume={26},
  number={2},
  pages={9},
  year={2005}
}

@article{mihailidis2008coach,
  title={The COACH prompting system to assist older adults with dementia through handwashing: An efficacy study},
  author={Mihailidis, Alex and Boger, Jennifer N and Craig, Tammy and Hoey, Jesse},
  journal={BMC geriatrics},
  volume={8},
  number={1},
  pages={28},
  year={2008},
  publisher={BioMed Central Ltd}
}

@inproceedings{hoey2012lacasa,
  title={LaCasa: Location and context-aware safety assistant},
  author={Hoey, Jesse and Yang, Xiao and Quintana, Eduardo and Favela, Jes{\'u}s},
  booktitle={Pervasive Computing Technologies for Healthcare (PervasiveHealth), 2012 6th International Conference on},
  pages={171--174},
  year={2012},
  organization={IEEE}
}

@article{peters2014automatic,
  title={Automatic Task Assistance for People with Cognitive Disabilities in Brushing Teeth---A User Study with the TEBRA System},
  author={Peters, Christian and Hermann, Thomas and Wachsmuth, Sven and Hoey, Jesse},
  journal={ACM Transactions on Accessible Computing (TACCESS)},
  volume={5},
  number={4},
  pages={10},
  year={2014},
  publisher={ACM}
}

@article{hoey2010automated,
  title={Automated handwashing assistance for persons with dementia using video and a partially observable markov decision process},
  author={Hoey, Jesse and Poupart, Pascal and Bertoldi, Axel von and Craig, Tammy and Boutilier, Craig and Mihailidis, Alex},
  journal={Computer Vision and Image Understanding},
  volume={114},
  number={5},
  pages={503--519},
  year={2010},
  publisher={Elsevier}
}

@article{philipose2004inferring,
  title={Inferring activities from interactions with objects},
  author={Philipose, Matthai and Fishkin, Kenneth P and Perkowitz, Mike and Patterson, Donald J and Fox, Dieter and Kautz, Henry and Hahnel, Dirk},
  journal={Pervasive Computing, IEEE},
  volume={3},
  number={4},
  pages={50--57},
  year={2004},
  publisher={IEEE}
}

@book{suchman2007human,
  title={Human-machine reconfigurations: Plans and situated actions},
  author={Suchman, Lucy},
  year={2007},
  publisher={Cambridge University Press}
}

@article{pantic2003toward,
  title={Toward an affect-sensitive multimodal human-computer interaction},
  author={Pantic, Maja and Rothkrantz, Leon JM},
  journal={Proceedings of the IEEE},
  volume={91},
  number={9},
  pages={1370--1390},
  year={2003},
  publisher={IEEE}
}

@book{reeves1996people,
  title={How people treat computers, television, and new media like real people and places},
  author={Reeves, Byron and Nass, Clifford},
  year={1996},
  publisher={CSLI Publications and Cambridge university press}
}

@inproceedings{hoey2013bayesian,
  title={Bayesian affect control theory},
  author={Hoey, Jesse and Schroder, Tobias and Alhothali, Areej},
  booktitle={Affective Computing and Intelligent Interaction (ACII), 2013 Humaine Association Conference on},
  pages={166--172},
  year={2013},
  organization={IEEE}
}

@inproceedings{pynadath2005psychsim,
  title={PsychSim: Modeling theory of mind with decision-theoretic agents},
  author={Pynadath, David V and Marsella, Stacy C},
  booktitle={IJCAI},
  volume={5},
  pages={1181--1186},
  year={2005}
}

@article{el2000flame,
  title={Flameâ€”fuzzy logic adaptive model of emotions},
  author={El-Nasr, Magy Seif and Yen, John and Ioerger, Thomas R},
  journal={Autonomous Agents and Multi-agent systems},
  volume={3},
  number={3},
  pages={219--257},
  year={2000},
  publisher={Springer}
}

@article{conati2009empirically,
  title={Empirically building and evaluating a probabilistic model of user affect},
  author={Conati, Cristina and Maclaren, Heather},
  journal={User Modeling and User-Adapted Interaction},
  volume={19},
  number={3},
  pages={267--303},
  year={2009},
  publisher={Springer}
}

@book{ortony1990cognitive,
  title={The cognitive structure of emotions},
  author={Ortony, Andrew},
  year={1990},
  publisher={Cambridge university press}
}

@article{schroder2013culture,
  title={Culture-constrained affective consistency of interpersonal behavior: A test of affect control theory with nonverbal expressions.},
  author={Schr{\"o}der, Tobias and Netzel, Janine and Schermuly, Carsten C and Scholl, Wolfgang},
  journal={Social Psychology},
  volume={44},
  number={1},
  pages={47},
  year={2013},
  publisher={Hogrefe Publishing}
}

@article{zeng2009survey,
  title={A survey of affect recognition methods: Audio, visual, and spontaneous expressions},
  author={Zeng, Zhihong and Pantic, Maja and Roisman, Glenn I and Huang, Thomas S},
  journal={Pattern Analysis and Machine Intelligence, IEEE Transactions on},
  volume={31},
  number={1},
  pages={39--58},
  year={2009},
  publisher={IEEE}
}

@inproceedings{chu2013selective,
  title={Selective transfer machine for personalized facial action unit detection},
  author={Chu, Wen-Sheng and Torre, Fernando De La and Cohn, Jeffery F},
  booktitle={Computer Vision and Pattern Recognition (CVPR), 2013 IEEE Conference on},
  pages={3515--3522},
  year={2013},
  organization={IEEE}
}

@article{kleinsmith2013affective,
  title={Affective body expression perception and recognition: A survey},
  author={Kleinsmith, Andrea and Bianchi-Berthouze, Nadia},
  journal={Affective Computing, IEEE Transactions on},
  volume={4},
  number={1},
  pages={15--33},
  year={2013},
  publisher={IEEE}
}

@article{karg2013body,
  title={Body Movements for Affective Expression: A Survey of Automatic Recognition and Generation},
  author={Karg, Michelle and Samadani, A and Gorbet, Rob and Kuhnlenz, K and Hoey, Jesse and Kulic, Dana},
  year={2013},
  publisher={IEEE}
}

@book{cassell2000embodied,
  title={Embodied conversational agents},
  author={Cassell, Justine},
  year={2000},
  publisher={MIT press}
}

@book{gratch2013social,
  title={Social Emotions in Nature and Artifact},
  author={Gratch, Jonathan and Marsella, Stacy},
  year={2013},
  publisher={Oxford University Press}
}

@article{scholl2013socio,
  title={The socio-emotional basis of human interaction and communication: How we construct our social world},
  author={Scholl, Wolfgang},
  journal={Social Science Information},
  volume={52},
  number={1},
  pages={3--33},
  year={2013},
  publisher={Sage Publications}
}

@article{poupart2011introduction,
  title={An introduction to fully and partially observable Markov decision processes},
  author={Poupart, Pascal},
  journal={Decision Theory Models for Applications in Artificial Intelligence: Concepts and Solutions, IGI Global},
  pages={33--62},
  year={2011}
}

@article{monahan1982state,
  title={State of the Artâ€”A Survey of Partially Observable Markov Decision Processes: Theory, Models, and Algorithms},
  author={Monahan, George E},
  journal={Management Science},
  volume={28},
  number={1},
  pages={1--16},
  year={1982},
  publisher={INFORMS}
}

@article{bui2004creating,
  title={Creating emotions and facial expressions for embodied agents},
  author={Bui, T Duy},
  year={2004},
  publisher={Taaluitgeverij Neslia Paniculata}
}

@inproceedings{boukricha2009pleasure,
  title={Pleasure-arousal-dominance driven facial expression simulation},
  author={Boukricha, Hana and Wachsmuth, Ipke and Hofstatter, A and Grammer, Karl},
  booktitle={Affective Computing and Intelligent Interaction and Workshops, 2009. ACII 2009. 3rd International Conference on},
  pages={1--7},
  year={2009},
  organization={IEEE}
}

@article{mehrabian1996pleasure,
  title={Pleasure-arousal-dominance: A general framework for describing and measuring individual differences in temperament},
  author={Mehrabian, Albert},
  journal={Current Psychology},
  volume={14},
  number={4},
  pages={261--292},
  year={1996},
  publisher={Springer}
}

@BOOK{ekm02,
  title = {Facial {A}ction {C}oding {S}ystem ({FACS}): Manual}, 
  publisher = {A Human Face}, 
  year = {2002}, 
  author = {Ekman, P. and Friesen, W.V. and Hager, J.C.}, 
  address = {Salt Lake City (USA)}, 
  owner = {vincia}, 
  timestamp = {2009.10.25}
}

@book{budson2011memory,
  title={Memory loss: A practical guide for clinicians},
  author={Budson, Andrew E and Solomon, Paul R},
  year={2011},
  publisher={Elsevier Health Sciences}
}

@article{kaye2011intelligent,
  title={Intelligent systems for assessing aging changes: home-based, unobtrusive, and continuous assessment of aging},
  author={Kaye, Jeffrey A and Maxwell, Shoshana A and Mattek, Nora and Hayes, Tamara L and Dodge, Hiroko and Pavel, Misha and Jimison, Holly B and Wild, Katherine and Boise, Linda and Zitzelberger, Tracy A},
  journal={The Journals of Gerontology Series B: Psychological Sciences and Social Sciences},
  volume={66},
  number={suppl 1},
  pages={i180--i190},
  year={2011},
  publisher={Oxford University Press}
}

@article{orona1990temporality,
  title={Temporality and identity loss due to Alzheimer's disease},
  author={Orona, Celia J},
  journal={Social Science \& Medicine},
  volume={30},
  number={11},
  pages={1247--1256},
  year={1990},
  publisher={Elsevier}
}

@article{rose2004memory,
  title={Memory of myself: Autobiographical memory and identity in Alzheimer's disease},
  author={Rose Addis, Donna and Tippett, Lynette},
  journal={Memory},
  volume={12},
  number={1},
  pages={56--74},
  year={2004},
  publisher={Taylor \& Francis}
}

@incollection{tao2005affective,
  title={Affective computing: A review},
  author={Tao, Jianhua and Tan, Tieniu},
  booktitle={Affective computing and intelligent interaction},
  pages={981--995},
  year={2005},
  publisher={Springer}
}

@article{ekman1992there,
  title={Are there basic emotions?},
  author={Ekman, Paul},
  year={1992},
  publisher={American Psychological Association}
}

@article{mauss2009measures,
  title={Measures of emotion: A review},
  author={Mauss, Iris B and Robinson, Michael D},
  journal={Cognition and emotion},
  volume={23},
  number={2},
  pages={209--237},
  year={2009},
  publisher={Taylor \& Francis}
}

@inproceedings{pantic2005web,
  title={Web-based database for facial expression analysis},
  author={Pantic, Maja and Valstar, Michel and Rademaker, Ron and Maat, Ludo},
  booktitle={Multimedia and Expo, 2005. ICME 2005. IEEE International Conference on},
  pages={5--pp},
  year={2005},
  organization={IEEE}
}

@inproceedings{yin20063d,
  title={A 3D facial expression database for facial behavior research},
  author={Yin, Lijun and Wei, Xiaozhou and Sun, Yi and Wang, Jun and Rosato, Matthew J},
  booktitle={Automatic face and gesture recognition, 2006. FGR 2006. 7th international conference on},
  pages={211--216},
  year={2006},
  organization={IEEE}
}

@inproceedings{bartlett2005recognizing,
  title={Recognizing facial expression: machine learning and application to spontaneous behavior},
  author={Bartlett, Marian Stewart and Littlewort, Gwen and Frank, Mark and Lainscsek, Claudia and Fasel, Ian and Movellan, Javier},
  booktitle={Computer Vision and Pattern Recognition, 2005. CVPR 2005. IEEE Computer Society Conference on},
  volume={2},
  pages={568--573},
  year={2005},
  organization={IEEE}
}

@article{niewiadomski2013computational,
  title={Computational Models of Expressive Behaviors for a Virtual Agent},
  author={Niewiadomski, Rados{\l}aw and Hyniewska, Sylwia Julia and Pelachaud, Catherine},
  journal={Social Emotions in Nature and Artifact},
  pages={143},
  year={2013},
  publisher={Oxford University Press}
}

@inproceedings{beck2010interpretation,
  title={Interpretation of emotional body language displayed by robots},
  author={Beck, Aryel and Hiolle, Antoine and Mazel, Alexandre and Ca{\~n}amero, Lola},
  booktitle={Proceedings of the 3rd international workshop on Affective interaction in natural environments},
  pages={37--42},
  year={2010},
  organization={ACM}
}

@article{coulson2004attributing,
  title={Attributing emotion to static body postures: Recognition accuracy, confusions, and viewpoint dependence},
  author={Coulson, Mark},
  journal={Journal of nonverbal behavior},
  volume={28},
  number={2},
  pages={117--139},
  year={2004},
  publisher={Springer}
}

@article{nicolaou2011continuous,
  title={Continuous prediction of spontaneous affect from multiple cues and modalities in valence-arousal space},
  author={Nicolaou, Mihalis A and Gunes, Hatice and Pantic, Maja},
  journal={Affective Computing, IEEE Transactions on},
  volume={2},
  number={2},
  pages={92--105},
  year={2011},
  publisher={IEEE}
}

@article{d2009automatic,
  title={Automatic detection of learner's affect from gross body language},
  author={D'Mello, Sidney and Graesser, Art},
  journal={Applied Artificial Intelligence},
  volume={23},
  number={2},
  pages={123--150},
  year={2009},
  publisher={Taylor \& Francis}
}

@incollection{castellano2007recognising,
  title={Recognising human emotions from body movement and gesture dynamics},
  author={Castellano, Ginevra and Villalba, Santiago D and Camurri, Antonio},
  booktitle={Affective computing and intelligent interaction},
  pages={71--82},
  year={2007},
  publisher={Springer}
}

@book{birdwhistell2011kinesics,
  title={Kinesics and context: Essays on body motion communication},
  author={Birdwhistell, Ray L},
  year={2011},
  publisher={University of Pennsylvania press}
}

@inproceedings{kwon2003emotion,
  title={Emotion recognition by speech signals.},
  author={Kwon, Oh-Wook and Chan, Kwokleung and Hao, Jiucang and Lee, Te-Won},
  booktitle={INTERSPEECH},
  year={2003}
}

@article{batliner2003find,
  title={How to find trouble in communication},
  author={Batliner, Anton and Fischer, Kerstin and Huber, Richard and Spilker, J{\"o}rg and N{\"o}th, Elmar},
  journal={Speech communication},
  volume={40},
  number={1},
  pages={117--143},
  year={2003},
  publisher={Elsevier}
}

@article{athanaselis2005asr,
  title={ASR for emotional speech: clarifying the issues and enhancing performance},
  author={Athanaselis, Theologos and Bakamidis, Stelios and Dologlou, Ioannis and Cowie, Roddy and Douglas-Cowie, Ellen and Cox, Cate},
  journal={Neural Networks},
  volume={18},
  number={4},
  pages={437--444},
  year={2005},
  publisher={Elsevier}
}

@article{ambady1992thin,
  title={Thin slices of expressive behavior as predictors of interpersonal consequences: A meta-analysis.},
  author={Ambady, Nalini and Rosenthal, Robert},
  journal={Psychological bulletin},
  volume={111},
  number={2},
  pages={256},
  year={1992},
  publisher={American Psychological Association}
}

@article{lee2005toward,
  title={Toward detecting emotions in spoken dialogs},
  author={Lee, Chul Min and Narayanan, Shrikanth S},
  journal={Speech and Audio Processing, IEEE Transactions on},
  volume={13},
  number={2},
  pages={293--303},
  year={2005},
  publisher={IEEE}
}

@inproceedings{lasseter1987principles,
  title={Principles of traditional animation applied to 3D computer animation},
  author={Lasseter, John},
  booktitle={ACM Siggraph Computer Graphics},
  volume={21},
  number={4},
  pages={35--44},
  year={1987},
  organization={ACM}
}

@article{fontaine2007world,
  title={The world of emotions is not two-dimensional},
  author={Fontaine, Johnny RJ and Scherer, Klaus R and Roesch, Etienne B and Ellsworth, Phoebe C},
  journal={Psychological science},
  volume={18},
  number={12},
  pages={1050--1057},
  year={2007},
  publisher={SAGE Publications}
}

@book{kerlow2004art,
  title={The art of 3D: computer animation and effects},
  author={Kerlow, Isaac V},
  year={2004},
  publisher={John Wiley \& Sons}
}

@article{shotton2013real,
  title={Real-time human pose recognition in parts from single depth images},
  author={Shotton, Jamie and Sharp, Toby and Kipman, Alex and Fitzgibbon, Andrew and Finocchio, Mark and Blake, Andrew and Cook, Mat and Moore, Richard},
  journal={Communications of the ACM},
  volume={56},
  number={1},
  pages={116--124},
  year={2013},
  publisher={ACM}
}

@inproceedings{hoey2005solving,
  title={Solving POMDPs with continuous or large discrete observation spaces},
  author={Hoey, Jesse and Poupart, Pascal},
  booktitle={IJCAI},
  pages={1332--1338},
  year={2005}
}

@book{picard2000affective,
  title={Affective computing},
  author={Picard, Rosalind W},
  year={2000},
  publisher={MIT press}
}

@article{pollack2005intelligent,
  title={Intelligent technology for an aging population: The use of AI to assist elders with cognitive impairment},
  author={Pollack, Martha E},
  journal={AI magazine},
  volume={26},
  number={2},
  pages={9},
  year={2005}
}

@incollection{lively2011identity,
  title={Identity and illness},
  author={Lively, Kathryn J and Smith, Carrie L},
  booktitle={Handbook of the Sociology of Health, Illness, and Healing},
  pages={505--525},
  year={2011},
  publisher={Springer}
}

@article{karg2010recognition,
  title={Recognition of affect based on gait patterns},
  author={Karg, Michelle and Kuhnlenz, Kolja and Buss, Martin},
  journal={Systems, Man, and Cybernetics, Part B: Cybernetics, IEEE Transactions on},
  volume={40},
  number={4},
  pages={1050--1061},
  year={2010},
  publisher={IEEE}
}

@article{malhotra2014,
  title={An exploratory study into the use of an emotionally aware cognitive assistant},
  author={Malhotra, Aarti and Yu, Celia and Schroder, Tobias and Hoey, Jesse},
  journal={under review},
  year={2014}
}

@article{czarnuch2014,
  title={Depth image hand tracking from an overhead perspective using partially labeled, unbalanced data: Development and real-world testing},
  author={Czarnuch, Stephen and Mihailidis, Alex},
  journal={under review},
  year={2014}
}
